<?xml version="1.0" encoding="UTF-8"?><collection xmlns="http://www.loc.gov/MARC21/slim"><record><leader>00427nam--2200145-i-4500</leader><controlfield tag="001">000019105</controlfield><controlfield tag="002">20161230</controlfield><controlfield tag="005">20161230201033</controlfield><controlfield tag="008">060222s1000------------r-----000-0-eng-d</controlfield><datafield ind1=" " ind2=" " tag="080"><subfield code="a">681.3.06</subfield></datafield><datafield ind1=" " ind2=" " tag="100"><subfield code="a">Roscoat, J</subfield></datafield><datafield ind1=" " ind2=" " tag="245"><subfield code="a">Conception de la programmation des ordinateurs preface du professeur abeles</subfield></datafield><datafield ind1=" " ind2=" " tag="260"><subfield code="a">Paris, Masson Et C-ie, 1967.Vi + 371 P</subfield></datafield><datafield ind1=" " ind2=" " tag="490"><subfield code="a">Les Techniques De Base De L Informatique</subfield></datafield><datafield ind1=" " ind2=" " tag="852"><subfield code="a">31498</subfield></datafield></record></collection>